# Put your BibTeX entries in this file.
@misc{ecp:homepage,
	author = "{ECP} Team",
	title = "{The {E}xascale {C}omputing {P}roject}",
	howpublished = {\url{https://exascaleproject.org}}
}

