@article{liu2014hello,
	title={{Hello ADIOS}: the challenges and lessons of developing leadership class I/O frameworks},
	author={Liu, Qing and Logan, Jeremy and Tian, Yuan and Abbasi, Hasan and Podhorszki, Norbert and Choi, Jong Youl and Klasky, Scott and Tchoua, Roselyne and Lofstead, Jay and Oldfield, Ron and others},
	journal={Concurrency and Computation: Practice and Experience},
	volume={26},
	number={7},
	pages={1453--1473},
	year={2014}
}

@MISC{ADIOS2-git,
	key ="{ADIOS2Git}",
	title ="{The {ADIOS2} framework}",
	URL = {https://github.com/ornladios/ADIOS2},
	howpublished = "\url{https://github.com/ornladios/ADIOS2}"
}


@MISC{ADIOS2-docs,
	key ="{ADIOS2Docs}",
	title ="{{ADIOS2} documentation}",
	URL = {http://adios2-adaptable-io-system-version-2.readthedocs.io},
	howpublished = "\url{http://adios2-adaptable-io-system-version-2.readthedocs.io}"
}


@misc{ecp:homepage,
	author = "{ECP} Team",
	title = "{The {E}xascale {C}omputing {P}roject}",
	howpublished = {\url{https://exascaleproject.org}}
}

