@misc{xSDK-community-installation-policies2016,
	title  = {{xSDK} Community Installation Policies: {GNU Autoconf} and {CMake} Options},
	author = {R. Bartlett and J. Sarich and B. Smith and T. Gamblin and {xSDK developers}},
	note   = {version 0.1, December 19, 2016, \url{https://dx.doi.org/10.6084/m9.figshare.4495133}},
	year   = 2016
}
