@misc{hypre,
  key   =       "hypre",
  title =       "{\sl hypre}: High Performance Preconditioners",
  note =        "http://www.llnl.gov/CASC/hypre/"
}


@article{HeYa2002,
   author    = {V.~Henson and U.~Yang},
   title     = {{BoomerAMG}: a Parallel Algebraic Multigrid Solver and Preconditioner},
   journal   = {Applied Numerical Mathematics},
   volume    = {41},
   pages     = {155--177},
   year      = {2002}
   }

@article{AsFa1996,
  author =      "S.~F.~Ashby and R.~D.~Falgout",
  title =       "A Parallel Multigrid Preconditioned Conjugate Gradient Algorithm for Groundwater Flow Simulations",
  journal =     "Nuclear Science and Engineering",
  month =       "September",
  volume =      "124",
  number =      "1",
  pages =       "145--159",
  note =        "UCRL-JC-122359",
  year =        "1996"
  }

@incollection{hypre_design_impl_2006,
  author =      "R.~D.~Falgout and J.~E.~Jones and U.~M.~Yang",
  title =       "The Design and Implementation of {\sl hypre}, a Library
                 of Parallel High Performance Preconditioners",
  booktitle =   "Numerical Solution of Partial Differential Equations
                 on Parallel Computers",
  series =      "Lecture Notes in Computational Science and Engineering",
  publisher =   "Springer-Verlag",
  editor =      "A.~M.~Bruaset and A.~Tveito",
  volume =      "51",
  note =        "UCRL-JRNL-205459",
  chapter =     "8",
  pages =       "267--294",
  year =        "2006"
  }

@misc{cogmres,
  author = "K. Swirydowicz and J. Langou and S. Ananthan and U.~M.~Yang and S.~Thomas",
  title = "Low Synchronization {GMRES} Algorithms",
  note = "arXiv:1809.05805v1 [cs.NA] 16 Sept 2018. Submitted to Numerical Linear Algebra with Applications",
  year = 2018
 }

	  

