%% This BibTeX bibliography file was created using BibDesk.
%% http://bibdesk.sourceforge.net/


%% Created for Hartwig Anzt at 2018-12-15 17:29:04 +0100 


%% Saved with string encoding Unicode (UTF-8) 



@techreport{1204,
	Author = {Hartwig Anzt and Ichitaro Yamazaki and Mark Hoemmen and Erik Boman and Jack Dongarra},
	Date-Added = {2018-12-15 17:27:18 +0100},
	Date-Modified = {2018-12-15 17:27:18 +0100},
	Journal = {Innovative Computing Laboratory Technical Report},
	Month = {06-2018},
	Number = {ICL-UT-18-05},
	Publisher = {University of Tennessee},
	Title = {Solver Interface \& Performance on Cori},
	Year = {2018}}

@article{doi:10.1137/16M1079506,
	Author = {Anzt, H. and Chow, E. and Dongarra, J.},
	Date-Added = {2018-12-13 19:42:22 +0100},
	Date-Modified = {2018-12-13 19:42:22 +0100},
	Doi = {10.1137/16M1079506},
	Eprint = {https://doi.org/10.1137/16M1079506},
	Journal = {SIAM Journal on Scientific Computing},
	Number = {4},
	Pages = {C503-C519},
	Title = {{ParILUT---A New Parallel Threshold ILU Factorization}},
	Url = {https://doi.org/10.1137/16M1079506},
	Volume = {40},
	Year = {2018},
	Bdsk-Url-1 = {https://doi.org/10.1137/16M1079506}}

@article{Cornelis2018TheCC,
	Author = {Jeffrey Cornelis and Siegfried Cools and Wim Vanroose},
	Date-Added = {2018-04-13 17:13:39 +0000},
	Date-Modified = {2018-04-13 17:13:39 +0000},
	Journal = {CoRR},
	Title = {The Communication-Hiding Conjugate Gradient Method with Deep Pipelines},
	Volume = {abs/1801.04728},
	Year = {2018}}

@inproceedings{yamazakiipdps2014,
	Author = {Yamazaki, I. and Anzt, H. and Tomov, S. and Hoemmen, M. and Dongarra, J.},
	Booktitle = {28th IEEE International Parallel and Distributed Processing Symposium (IPDPS 2014)},
	Date-Added = {2018-04-04 22:28:08 +0000},
	Date-Modified = {2018-04-04 22:28:17 +0000},
	Owner = {anzt},
	Timestamp = {2014.04.30},
	Title = {{Improving the Performance of CA-GMRES on Multicores with Multiple GPUs}},
	Year = {2014}}

@article{ANZT20181,
	Author = {Hartwig Anzt and Thomas K. Huckle and J{\"u}rgen Br{\"a}ckle and Jack Dongarra},
	Date-Added = {2018-04-04 22:27:30 +0000},
	Date-Modified = {2018-04-04 22:27:30 +0000},
	Doi = {https://doi.org/10.1016/j.parco.2017.10.003},
	Issn = {0167-8191},
	Journal = {Parallel Computing},
	Keywords = {Preconditioning, Incomplete Sparse Approximate Inverse, Incomplete LU factorization, Approximate sparse triangular solves, Parallel computing},
	Number = {Supplement C},
	Pages = {1 - 22},
	Title = {Incomplete Sparse Approximate Inverses for Parallel Preconditioning},
	Url = {http://www.sciencedirect.com/science/article/pii/S016781911730176X},
	Volume = {71},
	Year = {2018},
	Bdsk-Url-1 = {http://www.sciencedirect.com/science/article/pii/S016781911730176X},
	Bdsk-Url-2 = {https://doi.org/10.1016/j.parco.2017.10.003}}

@incollection{anzteuropa2015,
	Author = {Anzt, H. and Chow, E. and Dongarra, J.},
	Booktitle = {Euro-Par 2015: Parallel Processing},
	Date-Added = {2018-04-04 22:25:29 +0000},
	Date-Modified = {2018-04-04 22:27:30 +0000},
	Doi = {10.1007/978-3-662-48096-0_50},
	Editor = {Tr\"{a}ff, Jesper Larsson and Hunold, Sascha and Versaci, Francesco},
	Isbn = {978-3-662-48095-3},
	Keywords = {key publication},
	Language = {English},
	Pages = {650-661},
	Publisher = {Springer Berlin Heidelberg},
	Series = {Lecture Notes in Computer Science},
	Title = {Iterative Sparse Triangular Solves for Preconditioning},
	Url = {http://dx.doi.org/10.1007/978-3-662-48096-0_50},
	Volume = {9233},
	Year = {2015},
	Bdsk-Url-1 = {http://dx.doi.org/10.1007/978-3-662-48096-0_50}}

@inproceedings{chowisc2015,
	Author = {Chow, E. and Anzt, H. and Dongarra, J.},
	Booktitle = {Lecture Notes in Computer Science},
	Date-Added = {2018-04-04 22:25:19 +0000},
	Date-Modified = {2018-04-04 22:26:27 +0000},
	Journal = {ISC High Performance},
	Keywords = {key publication},
	Month = {July 12 -- 16},
	Owner = {anzt},
	Pages = {1--16},
	Timestamp = {2014.09.29},
	Title = {{Asynchronous Iterative Algorithm for Computing Incomplete Factorizations on GPUs}},
	Volume = {9137},
	Year = {2015}}

@misc{betterscientificsoftware,
	Date-Added = {2018-04-04 22:23:31 +0000},
	Date-Modified = {2018-04-04 22:31:25 +0000},
	Title = {{Better Scientific Software (BSSw)} \url{https://bssw.io/}}}

@misc{peekswebpage,
	Date-Added = {2018-04-04 22:22:48 +0000},
	Date-Modified = {2018-04-04 22:30:54 +0000},
	Title = {{Production-ready, Exascale-enabled Krylov Solvers for Exascale Computing (PEEKS)} \url{icl.utk.edu/peeks/}}}
